<record xmlns="http://www.loc.gov/MARC21/slim" xmlns:xsi="http://www.w3.org/2001/XMLSchema-instance" xsi:schemaLocation="http://www.loc.gov/MARC21/slim http://www.loc.gov/standards/marcxml/schema/MARC21slim.xsd"><leader>     nam a22        4500</leader><controlfield tag="001">3058977</controlfield><controlfield tag="003">NNC</controlfield><controlfield tag="006">m        d        </controlfield><controlfield tag="007">cr cn |||m|||a</controlfield><controlfield tag="008">150316s1962    iq c    o     000 0 ara d</controlfield><datafield ind1=" " ind2=" " tag="040"><subfield code="a">NNU</subfield><subfield code="b">eng</subfield><subfield code="e">rda</subfield><subfield code="c">NNU</subfield></datafield><datafield ind1=" " ind2="4" tag="050"><subfield code="a">BP193</subfield><subfield code="b">.M84 1962</subfield></datafield><datafield ind1="1" ind2=" " tag="100"><subfield code="6">880-01</subfield><subfield code="a">Mufi&#772;d, Muh&#803;ammad ibn Muh&#803;ammad,</subfield><subfield code="d">-1022.</subfield></datafield><datafield ind1="1" ind2="3" tag="245"><subfield code="6">880-02</subfield><subfield code="a">al-Irsha&#772;d lil-Shaykh al-Mufi&#772;d /</subfield><subfield code="c">ta&#700;li&#772;f Muh&#803;ammad ibn Muh&#803;ammad ibn al-Nu&#699;ma&#772;n al-&#699;Ukbari&#772; al-Baghda&#772;di&#772; al-mulaqqab bi-al-Shaykh al-Mufi&#772;d.</subfield></datafield><datafield ind1=" " ind2=" " tag="260"><subfield code="6">880-03</subfield><subfield code="a">al-Najaf :</subfield><subfield code="b">al-Mat&#803;ba&#699;ah al-H&#803;aydari&#772;yah,</subfield><subfield code="c">1962.</subfield></datafield><datafield ind1=" " ind2=" " tag="300"><subfield code="a">online resource (368 pages) :</subfield><subfield code="b">portrait</subfield></datafield><datafield ind1=" " ind2=" " tag="336"><subfield code="a">text</subfield><subfield code="2">rdacontent</subfield></datafield><datafield ind1=" " ind2=" " tag="337"><subfield code="a">computer</subfield><subfield code="2">rdamedia</subfield></datafield><datafield ind1=" " ind2=" " tag="338"><subfield code="a">online resource</subfield><subfield code="2">rdacarrier</subfield></datafield><datafield ind1=" " ind2=" " tag="500"><subfield code="a">Title on p. [4] of cover: al-Ershad lil Mofid / talif al Shaikh al-Saied al-Mofid Aboo Abed Allah Mohammad ebn al Noman.</subfield></datafield><datafield ind1=" " ind2=" " tag="500"><subfield code="a">Part of the Arabic Collections Online (ACO) project, contributed by Columbia University Libraries.</subfield></datafield><datafield ind1=" " ind2=" " tag="533"><subfield code="a">Electronic reproduction.</subfield><subfield code="b">New York, N.Y. :</subfield><subfield code="c">New York University,</subfield><subfield code="d">2015.</subfield><subfield code="5">NNU</subfield></datafield><datafield ind1="0" ind2="0" tag="600"><subfield code="6">880-04</subfield><subfield code="a">&#699;Ali&#772; ibn Abi&#772; T&#803;a&#772;lib,</subfield><subfield code="c">Caliph,</subfield><subfield code="d">approximately 600-661.</subfield></datafield><datafield ind1=" " ind2="0" tag="650"><subfield code="a">Alids.</subfield></datafield><datafield ind1="0" ind2="7" tag="600"><subfield code="a">&#699;Ali&#772; ibn Abi&#772; T&#803;a&#772;lib,</subfield><subfield code="c">Caliph,</subfield><subfield code="d">approximately 600-661</subfield><subfield code="2">fast</subfield><subfield code="0">(OCoLC)fst01804105</subfield></datafield><datafield ind1=" " ind2="7" tag="650"><subfield code="a">Alids.</subfield><subfield code="2">fast</subfield><subfield code="0">(OCoLC)fst00805047</subfield></datafield><datafield ind1="2" ind2=" " tag="710"><subfield code="a">Columbia University.</subfield><subfield code="b">Libraries.</subfield></datafield><datafield ind1="0" ind2=" " tag="730"><subfield code="a">Arabic Collections Online.</subfield></datafield><datafield ind1="0" ind2="8" tag="776"><subfield code="i">Print version:</subfield><subfield code="a">Mufi&#772;d, Muh&#803;ammad ibn Muh&#803;ammad, -1022.</subfield><subfield code="t">al-Irsha&#772;d lil-Shaykh al-Mufi&#772;d</subfield><subfield code="w">(NNC)3058977</subfield><subfield code="w">(OCoLC)39550490</subfield></datafield><datafield ind1="4" ind2="0" tag="856"><subfield code="u">http://hdl.handle.net/2333.1/np5hqf93</subfield></datafield><datafield ind1="1" ind2=" " tag="880"><subfield code="6">100-01/r</subfield><subfield code="a">&#1605;&#1601;&#1610;&#1583;&#1548; &#1605;&#1581;&#1605;&#1583; &#1576;&#1606; &#1605;&#1581;&#1605;&#1583;&#1548;,</subfield><subfield code="d">-1022.</subfield></datafield><datafield ind1="1" ind2="2" tag="880"><subfield code="6">245-02/r</subfield><subfield code="a">&#1575;&#1604;&#1575;&#1585;&#1588;&#1575;&#1583; &#1604;&#1604;&#1588;&#1610;&#1582; &#1575;&#1604;&#1605;&#1601;&#1610;&#1583; /</subfield><subfield code="c">&#1578;&#1571;&#1604;&#1610;&#1601; &#1605;&#1581;&#1605;&#1583; &#1576;&#1606; &#1605;&#1581;&#1605;&#1583; &#1576;&#1606; &#1575;&#1604;&#1606;&#1593;&#1605;&#1575;&#1606; &#1575;&#1604;&#1593;&#1603;&#1576;&#1585;&#1610; &#1575;&#1604;&#1576;&#1594;&#1583;&#1575;&#1583;&#1610; &#1575;&#1604;&#1605;&#1604;&#1602;&#1576; &#1576;&#1575;&#1604;&#1588;&#1610;&#1582; &#1575;&#1604;&#1605;&#1601;&#1610;&#1583;.</subfield></datafield><datafield ind1=" " ind2=" " tag="880"><subfield code="6">260-03/r</subfield><subfield code="a">&#1575;&#1604;&#1606;&#1580;&#1601; :</subfield><subfield code="b">&#1575;&#1604;&#1605;&#1591;&#1576;&#1593;&#1577; &#1575;&#1604;&#1581;&#1610;&#1583;&#1585;&#1610;&#1577;&#1548;</subfield><subfield code="c">1962.</subfield></datafield><datafield ind1="0" ind2="4" tag="880"><subfield code="6">600-04/r</subfield><subfield code="a">&#1593;&#1604;&#1610; &#1576;&#1606; &#1571;&#1576;&#1610; &#1591;&#1575;&#1604;&#1576;&#1548;</subfield><subfield code="c">Caliph&#1548;,</subfield><subfield code="d">approximately 600-661.</subfield></datafield><datafield ind1=" " ind2=" " tag="959"><subfield code="a">NNU</subfield><subfield code="b">WEB</subfield><subfield code="c">GENI</subfield><subfield code="t">0</subfield><subfield code="m">Electronic access</subfield><subfield code="s">01</subfield></datafield><datafield ind1=" " ind2=" " tag="999"><subfield code="i">NNC_3058977</subfield><subfield code="o">(OCoLC)ocm39550490 </subfield><subfield code="s">columbia_aco000360</subfield></datafield></record>